@misc{skysports_table,
  author = {SkySports},
  title = {Premier League Table},
  year = 2019,
  url = {https://www.skysports.com/premier-league-table},
  urldate = {2019-02-23}
}

@misc{espn_squad_table,
  author = {ESPN},
  title = {Manchester United Squad},
  year = 2019,
  url = {http://www.espn.com/soccer/team/squad/_/id/360/manchester-united},
  urldate = {2019-02-23}
}

@misc{noauthor_top_nodate,
	title = {The top 500 sites on the web},
	url = {https://www.alexa.com/topsites},
	year = {2019},
	urldate = {2019-09-03},
	journal = {Alexa},
	author = {Alexa Internet}
}

@misc{pivotal_software_rabbitmq_2020,
	title = {{RabbitMQ}},
	url = {https://www.rabbitmq.com},
	author = {{Pivotal Software}},
	year = {2020}
}

@inproceedings{peveler_browser_2020,
  title = {Browser {{Based Digital Sticky Notes}} for {{Design Thinking}}},
  booktitle = {Companion {{Publication}} of the 2020 {{ACM Designing Interactive Systems Conference}}},
  author = {Peveler, Matthew and Tyler, Jeramey and Nelson, Dacoda B. and Cerqueira, Renato and Su, Hui},
  year = {2020},
  month = jul,
  pages = {349--352},
  publisher = {{ACM}},
  address = {{Eindhoven Netherlands}},
  doi = {10.1145/3393914.3395824},
  file = {/Users/mpeveler/Zotero/storage/8RRZK42P/Peveler et al. - 2020 - Browser Based Digital Sticky Notes for Design Thin.pdf},
  isbn = {978-1-4503-7987-8},
  language = {en}
}